@Book{west,
  author = "Mike West and Jeff Harrison",
  title = "Bayesian Forecasting and Dynamic Models",
  publisher = "Springer",
  edition = "2nd",
  year = "1997",
  address = "New York"
}

@Book{neter,
  author = "Michael H. Kutner and Christopher J. Nachtsheim and John Neter and William Li",
  title = "Applied Linear Statistical Models",
  publisher = "McGraw-Hill/Irwin",
  edition = "5th",
  year = "2005",
  address = "New York"
}

@Book{petrone,
  author = "Giovanni Petris and Sonia Petrone and Patrizia Campagnoli",
  title = "Dynamic Linear Models with R",
  publisher = "Springer",
  edition = "1st",
  year = "2009",
  address = "New York"
}

@Article{r,
  author = "Ross Ihaka and Robert Gentleman",
  title = "R: A Language for Data Analysis and Graphics",
  journal = "Journal of Computational and Graphics Statistics",
  volume = "5",
  number = "3",
  pages = "299--314", 
  year = "1996"
}

@Article{petris,
  author = "Giovanni Petris",
  title = "An {R} Package for Dynamic Linear Models",
  journal = "Journal of Statistical Software",
  volume = "36",
  number = "12",
  pages = "1--16", 
  year = "2010",
  URL = "http://www.jstatsoft.org/v36/i12"
}

@Manual{cran,
    title = {R: A Language and Environment for Statistical Computing},
    author = {{R Core Team}},
    organization = {R Foundation for Statistical Computing},
    address = {Vienna, Austria},
    year = {2014},
    url = {http://www.R-project.org/}
}

@Book{ggplot2,
    author = {Hadley Wickham},
    title = {ggplot2: Elegant Graphics for Data Analysis},
    publisher = {Springer},
    address = {New York},
    edition = {1st},
    year = {2009},
    isbn = {978-0-387-98140-6},
    url = {http://had.co.nz/ggplot2/book}
}

@Manual{knitr-package,
    title = {knitr: A General-Purpose Package for Dynamic Report Generation in R},
    author = {Yihui Xie},
    year = {2015},
    note = {R package version 1.10},
    url = {http://yihui.name/knitr/}
}

@Book{xie,
  author = "Yihui Xie",
  title = "Dynamic Documents with R and knitr",
  publisher = "Chapman \& Hall/CRC",
  edition = "1st",
  year = "2014",
  address = "Boca Raton"
}

@Manual{tikzDevice-package,
    title = {tikzDevice: R Graphics Output in LaTeX Format},
    author = {Charlie Sharpsteen and Cameron Bracken},
    year = {2015},
    note = {R package version 0.8.1},
    url = {http://CRAN.R-project.org/package=tikzDevice},
}

@Book{cryer-chan,
  author = "Jonathan D. Cryer and {Kung\-Sik} Chan",
  title = "Time Series Analysis with Applications in R",
  publisher = "Springer",
  edition = "2nd",
  year = "2008",
  address = "New York"
}

@Article{achcar,
  author = "Jorge A. Achcar and Eliane R. Rodrigues and Guadalupe Tzintzun",
  title = "Using Stochastic Volatility Models to Analyse Weekly Ozone Averages in {M}exico {C}ity",
  journal = "Environmental and Ecological Statistics",
  volume = "18",
  number = "2",
  pages = "271--290", 
  year = "2011",
  URL = "http://dx.doi.org/10.1007/s10651-010-0132-1"
}

@Article{winbugs,
  author = "David J. Lunn and Andrew Thomas and Nicky Best and David Spiegelhalter",
  title = "{WinBUGS} - {A} {B}ayesian Modelling Framework: Concepts, Structure and Extensibility",
  journal = "Statistics and Computing",
  volume = "10",
  number = "4",
  pages = "325--337", 
  year = "2000",
  URL = "http://dx.doi.org/10.1023/A:1008929526011"
}

@Article{stochvol,
  author = "Gregor Kastner",
  title = "Dealing with Stochastic Volatility in Time Series Using the {R} package stochvol",
  journal = "Journal of Statistical Software",
  volume = "",
  number = "forthcoming",
  pages = "to appear", 
  year = "2015",
  URL = ""
}

@Manual{stochvol-package,
    title = {stochvol: Efficient Bayesian Inference for Stochastic Volatility ({SV}) models},
    author = {Gregor Kastner},
    year = {2015},
    note = {R package version 1.0.0},
    url = {http://cran.r-project.org/package=stochvol},
}

@conference{zivot,
  author = "Eric Zivot and Guy Yollin",
  title = "Time Series Forecasting with State Space Models",
  booktitle = "R/Finance Workshop, University of Chicago",
  year = "2012"
}

@Book{koopman,
  author = "James Durbin and Siem Jan Koopman",
  title = "Time Series Analysis by State Space Methods",
  publisher = "Oxford University Press",
  edition = "2nd",
  year = "2012",
  address = "Oxford"
}

@Article{kim,
  author = "Sangjoon Kim and Neil Shepard and Siddhartha Chib",
  title = "Stochastic Volatility: Likelihood Inference and Comparison with {ARCH} Models",
  journal = "The Review of Economic Studies",
  volume = "65",
  number = "3",
  pages = "361--393", 
  year = "1998",
  URL = "http://restud.oxfordjournals.org/content/65/3/361.abstract"
}

@Article{taylor,
  author = "Stephen Taylor",
  title = "Financial Returns Modelled by the Product of Two Stochastic Processes -- A Study of Daily Sugar Prices 1961-75",
  journal = "Time Series Analysis: Theory and Practice",
  volume = "1",
  pages = "203--226", 
  year = "1982"
}

@Article{kastner,
  author = "Gregor Kastner and Sylvia Frühwirth-Schnatter",
  title = "Ancillarity-Sufficiency Interweaving Strategy ({ASIS}) for Boosting {MCMC} Estimation of Stochastic Volatility Models",
  journal = "Computational Statistics and Data Analysis",
  volume = "76",
  pages = "408--423", 
  year = "2014",
  URL = "http://www.sciencedirect.com/science/article/pii/S0167947313000030"
}

@Manual{R2jags-package,
    title = {R2jags: Using {R} to Run {JAGS}},
    author = {{Yu-Sung} Su and Masanao Yajima},
    year = {2015},
    note = {R package version 0.5-6},
    url = {http://cran.r-project.org/package=R2jags},
}

@conference{jags,
  author = "Martyn Plummer",
  title = "{JAGS}: A Program for Analysis of Bayesian Graphical Models Using {G}ibbs Sampling",
  booktitle = "Distributed Statistical Computing, Vienna University of Technology",
  year = "2003"
}

@Manual{nor1mix-package,
    title = {nor1mix: Normal (1-d) Mixture Models ({S3} Classes and Methods)},
    author = {Martin Mächler},
    year = {2014},
    note = {R package version 1.2-0},
    url = {http://cran.r-project.org/package=nor1mix},
}

@Article{omori,
  author = "Yasuhiro Omori and Siddhartha Chib and Neil Shephard and Jouchi Nakajima",
  title = "Stochastic Volatility with Leverage: Fast and Efficient Likelihood Inference",
  journal = "Journal of Econometrics",
  volume = "140",
  pages = "425--449", 
  year = "2007",
  URL = "http://www.sciencedirect.com/science/article/pii/S0304407606001436"
}

@Article{plyr-package,
  title = {The Split-Apply-Combine Strategy for Data Analysis},
  author = {Hadley Wickham},
  journal = {Journal of Statistical Software},
  year = {2011},
  volume = {40},
  number = {1},
  pages = {1--29},
  url = {http://www.jstatsoft.org/v40/i01/},
}

@Manual{RSQLite-package,
  title = {RSQLite: SQLite Interface for R},
  author = {Hadley Wickham and David A. James and Seth Falcon},
  year = {2014},
  note = {R package version 1.0.0},
  url = {http://CRAN.R-project.org/package=RSQLite},
}

@Article{engle,
  author = "Robert F. Engle",
  title = "Autoregressive Conditional Heteroscedasticity with Estimates of the Variance of {U}nited {K}ingdom Inflation",
  journal = "Econometrica",
  volume = "50",
  number = "4",
  pages = "987--1007", 
  year = "1982",
  URL = "http://www.jstor.org/stable/1912773"
}

@Article{bollerslev,
  author = "Tim Bollerslev",
  title = "Generalized Autoregressive Conditional Heteroskedasticity",
  journal = "Journal of Econometrics",
  volume = "31",
  pages = "307--327", 
  year = "1986"
}

@Book{jaynes,
  author = "Edwin Thompson Jaynes",
  title = "Probability Theory -- The Logic of Science",
  publisher = "Cambridge University Press",
  edition = "1st",
  year = "2003",
  address = "Cambridge"
}

@Book{sivia,
  author = "Devinderjit Sivia and John Skilling",
  title = "Data Analysis: A Bayesian Tutorial",
  publisher = "Oxford University Press",
  edition = "2nd",
  year = "2006",
  address = "Oxford"
}

@Book{gelman,
  author = "Andrew Gelman and John B. Carlin and Hal S. Stern and David B. Dunson and Aki Vehtari and Donald B. Rubin",
  title = "Bayesian Data Analysis",
  publisher = "Chapman \& Hall/CRC",
  edition = "3rd",
  year = "2014",
  address = "Boca Raton"
}

@Book{kruschke,
  author = "John Kruschke",
  title = "Doing Bayesian Data Analysis: A Tutorial with R, JAGS, and Stan",
  publisher = "Academic Press",
  edition = "2nd",
  year = "2014",
  address = "San Diego"
}

@Manual{jags-manual,
  author = "Martyn Plummer",
  title = "{JAGS} {V}ersion 4.0.0. user manual",
  year = "2015"
}

@Book{pole,
  author = "Andy Pole and Mike West and Jeff Harrison",
  title = "Applied Bayesian Forecasting and Time Series Analysis",
  publisher = "Chapman \& Hall/CRC",
  edition = "1st",
  year = "1994",
  address = "Boca Raton"
}

@inbook{bos,
  author = "Charles S. Bos",
  title = "Handbook of Volatility Models and their Applications",
  chapter = "Relating Stochastic Volatility Estimation Methods",
  pages = "147--174",
  publisher = "John Wiley \& Sons",
  year = "2012"
}

@Article{harvey,
  author = "A. Harvey and E. Ruiz and Neil Shephard",
  title = "Multivariate Stochastic Variance Models",
  journal = "Review of Economic Studies",
  volume = "61",
  pages = "247--264", 
  year = "1994"
}

@Article{gallant,
  author = "A. R. Gallant and G. Tauchen",
  title = "Which Moments to Match?",
  journal = "Econometric Theory",
  volume = "12",
  pages = "657--681", 
  year = "1996"
}

@Article{durbin,
  author = "J. Durbin and S. J. Koopman",
  title = "{M}onte {C}arlo Maximum Likelihood Estimation for non-Gaussian State-Space Models",
  journal = "Biometrika",
  volume = "89",
  pages = "603--615", 
  year = "1997"
}

@Article{richard,
  author = "J. F. Richard and W. Zhang",
  title = "Efficient High-Dimensional Importance Sampling",
  journal = "Journal of Econometrics",
  volume = "141",
  pages = "1385--1411", 
  year = "2007"
}

@mastersthesis{nguyen,
  author = "T. M. Nguyen",
  title = "A New Efficient Algorithm for the Analysis with non-Linear and non-Gaussian State Space Models",
  school = "VU University Amsterdam",
  year = "2007"
}

@Article{carter,
  author = "C. K. Carter and R. Kohn",
  title = "On {G}ibbs Sampling for State Space Models",
  journal = "Biometrika",
  volume = "81",
  pages = "541--553", 
  year = "1994"
}

@Article{shephard97,
  author = "Neil Shephard and M. K. Pitt",
  title = "Likelihood Analysis of non-Gaussian Measurement Time Series",
  journal = "Biometrika",
  volume = "84",
  pages = "653--667", 
  year = "1997"
}

@book{brockwell-davis,
	title = {Introduction to Time Series and Forecasting},
	author = {Peter J. Brockwell and Richard A. Davis},
	publisher = {Springer},
	year = {2002},
	series = {Springer Texts in Statistics},
	address = {New York},
	edition = {2nd}
}

@book{pearl,
	title = {Causality: Models, Reasoning and Inference},
	author = {Judea Pearl},
	publisher = {Cambridge University Press},
	year = {2009},
	address = {Cambridge},
	edition = {2nd}
}

@Article{fruhwirth,
  author = "Sylvia Frühwirth-Schnatter and S. Kaufmann",
  title = "Model-Based Clustering of Multiple Time Series",
  journal = "Journal of Business and Economic Statistics",
  volume = "26",
  pages = "78--89", 
  year = "1994"
}

@Article{shephard94,
  author = "Neil Shephard",
  title = "Partial non-Gaussian State Space Models",
  journal = "Biometrika",
  volume = "81",
  pages = "115--131", 
  year = "1994"
}

@Book{prado,
  author = "Raquel Prado and Mike West",
  title = "Time Series: Modeling, Computation, and Inference",
  publisher = "Chapman \& Hall/CRC",
  edition = "1st",
  year = "2010",
  address = "Boca Raton"
}

@Article{mccormick,
  author = "Tyler H. McCormick and Adrian E. Raftery and David Madigan and Randall S. Burd",
  title = "Dynamic Logistic Regression and Dynamic Model Averaging for Binary Classification",
  journal = "Biometrics",
  volume = "68",
  number = "1",
  pages = "23--30", 
  year = "2012"
}

@Article{yu-meng,
  author = "Yaming Yu and {Xiao-Li} Meng",
  title = "To Center or Not to Center: That Is Not the Question - An Ancillarity-Sufficiency Interweaving Strategy (ASIS) for Boosting MCMC Efficiency",
  journal = "Journal of Computational and Graphical Statistics",
  volume = "20",
  number = "3",
  pages = "531--570", 
  year = "2011"
}

@Article{basu,
  author = "Debabrata Basu",
  title = "On Statistics Independent of a Complete Sufficient Statistic",
  journal = "The Indian Journal of Statistics",
  volume = "15",
  number = "4",
  pages = "377--380", 
  year = "1955"
}

@Article{metropolis,
  author = "Nicholas Metropolis and Arianna W. Rosenbluth and Marshall N. Rosenbluth and Augusta H. Teller and Edward Teller",
  title = "Equation of State Calculations by Fast Computing Machines",
  journal = "Journal of Chemical Physics",
  volume = "21",
  number = "6",
  pages = "1087--1092", 
  year = "1953"
}

@Article{hastings,
  author = "W. K. Hastings",
  title = "Monte Carlo Sampling Methods Using Markov Chains and Their Applications",
  journal = "Biometrika",
  volume = "57",
  number = "1",
  pages = "97--109", 
  year = "1970"
}

@Book{c,
  author = "Brian W. Kernighan and Dennis M. Ritchie",
  title = "The {C} Programming Language",
  publisher = "Prentice Hall",
  edition = "2nd",
  year = "1988",
  address = "Upper Saddle River"
}

@Article{tierney,
  author = "Luke Tierney and Joseph B. Kadane",
  title = "Accurate Approximations for Posterior Moments and Marginal Densities",
  journal = "Journal of the American Statistical Association",
  volume = "81",
  number = "393",
  pages = "82--86", 
  year = "1986"
}

@Book{andreon,
  author = "Stefano Andreon and Brian Weaver",
  title = "Bayesian Methods for the Physical Sciences: Learning from Examples in Astronomy and Physics",
  publisher = "Springer",
  edition = "1st",
  year = "2015",
  address = "New York"
}
